@inproceedings{regalia2017phuzzy,
  title={Phuzzy. link: A SPARQL-powered Client-Sided Extensible Semantic Web Browser.},
  author={Regalia, Blake and Janowicz, Krzysztof and Mai, Gengchen},
  booktitle={VOILA@ ISWC},
  pages={34--44},
  year={2017}
}

@inproceedings{carroll2004jena,
  title={Jena: implementing the semantic web recommendations},
  author={Carroll, Jeremy J and Dickinson, Ian and Dollin, Chris and Reynolds, Dave and Seaborne, Andy and Wilkinson, Kevin},
  booktitle={Proceedings of the 13th international World Wide Web conference on Alternate track papers \& posters},
  pages={74--83},
  year={2004}
}

@article{musen2015protege,
  title={The prot{\'e}g{\'e} project: a look back and a look forward},
  author={Musen, Mark A},
  journal={AI matters},
  volume={1},
  number={4},
  pages={4--12},
  year={2015},
  publisher={ACM New York, NY, USA}
}

@inproceedings{mouromtsev2015simple,
  title={The Simple Web-based Tool for Visualization and Sharing of Semantic Data and Ontologies.},
  author={Mouromtsev, Dmitry and Pavlov, Dmitry S and Emelyanov, Yury and Morozov, Alexey V and Razdyakonov, Daniil S and Galkin, Mikhail},
  booktitle={ISWC (Posters \& Demos)},
  year={2015}
}

@inproceedings{garijo2017widoco,
  title={WIDOCO: a wizard for documenting ontologies},
  author={Garijo, Daniel},
  booktitle={The Semantic Web--ISWC 2017: 16th International Semantic Web Conference, Vienna, Austria, October 21-25, 2017, Proceedings, Part II 16},
  pages={94--102},
  year={2017},
  organization={Springer}
}

@inproceedings{lohmann2015webvowl,
  title={WebVOWL: Web-based visualization of ontologies},
  author={Lohmann, Steffen and Link, Vincent and Marbach, Eduard and Negru, Stefan},
  booktitle={Knowledge Engineering and Knowledge Management: EKAW 2014 Satellite Events, VISUAL, EKM1, and ARCOE-Logic, Link{\"o}ping, Sweden, November 24-28, 2014. Revised Selected Papers. 19},
  pages={154--158},
  year={2015},
  organization={Springer}
}

@article{daga2021facade,
  title={Facade-X: an opinionated approach to SPARQL anything},
  author={Daga, Enrico and Asprino, Luigi and Mulholland, Paul and Gangemi, Aldo},
  journal={Studies on the Semantic Web},
  volume={53},
  pages={58--73},
  year={2021},
  publisher={IOS Press}
}

@article{dimou2014rml,
  title={RML: A generic language for integrated RDF mappings of heterogeneous data.},
  author={Dimou, Anastasia and Vander Sande, Miel and Colpaert, Pieter and Verborgh, Ruben and Mannens, Erik and Van de Walle, Rik},
  journal={Ldow},
  volume={1184},
  year={2014},
  publisher={Citeseer}
}

@article{arenas2022morph,
  title={Morph-kgc: Scalable knowledge graph materialization with mapping partitions},
  author={Arenas-Guerrero, Juli{\'a}n and Chaves-Fraga, David and Toledo, Jhon and P{\'e}rez, Mar{\'\i}a S and Corcho, Oscar},
  journal={Semantic Web},
  number={Preprint},
  x_pages={1--20},
  year={2022},
  publisher={IOS Press}
}

@article{lefrancois_eswc_2017,
  title = {A {SPARQL} extension for generating {RDF} from heterogeneous formats},
  author = {Lefran\c{c}ois, Maxime and Zimmermann, Antoine and Bakerally, Noorani},
  year = 2017,
  month = may,
  address = {Portoroz, Slovenia},
  journal = {Proc. Extended Semantic Web Conference (ESWC)},
  x_url = {http://www.maxime-lefrancois.info/docs/LefrancoisZimmermannBakerally-ESWC2017-Generate.pdf},
}

@article{alexander2011describing,
  title={Describing linked datasets},
  author={Alexander, Keith and Cyganiak, Richard and Hausenblas, Michael and Zhao, Jun},
  volume = {538},
  journal = {Linked Data on the Web Workshop (LDOW 09), in conjunction with 18th International World Wide Web Conference (WWW 09)},
  year={2009}
}

@inproceedings{Hur2021,
  title={A survey on state-of-the-art techniques for knowledge graphs construction and challenges ahead},
  author={Hur, Ali and Janjua, Naeem and Ahmed, Mohiuddin},
  booktitle={2021 IEEE Fourth International Conference on Artificial Intelligence and Knowledge Engineering (AIKE)},
  pages={99--103},
  year={2021},
  organization={IEEE}
}

@article{Tamaauskait2022,
  title={Defining a Knowledge Graph Development Process Through a Systematic Review},
  author={Gytė Tamaauskaitė and Paul Groth},
  journal={ACM Transactions on Software Engineering and Methodology},
  year={2022}
}

@article{Hogan2020,
  title={Knowledge graphs},
  author={Hogan, Aidan and Blomqvist, Eva and Cochez, Michael and d’Amato, Claudia and Melo, Gerard de and Gutierrez, Claudio and Kirrane, Sabrina and Gayo, Jos{\'e} Emilio Labra and Navigli, Roberto and Neumaier, Sebastian and others},
  journal={ACM Computing Surveys (CSUR)},
  volume={54},
  number={4},
  pages={1--37},
  year={2021},
  publisher={ACM New York, NY, USA}
}

@article{Ji2020,
  title={A survey on knowledge graphs: Representation, acquisition, and applications},
  author={Ji, Shaoxiong and Pan, Shirui and Cambria, Erik and Marttinen, Pekka and Philip, S Yu},
  journal={IEEE transactions on neural networks and learning systems},
  volume={33},
  number={2},
  pages={494--514},
  year={2021},
  publisher={IEEE}
}

@article{Weikum2020,
  title={Machine knowledge: Creation and curation of comprehensive knowledge bases},
  author={Weikum, Gerhard and Dong, Xin Luna and Razniewski, Simon and Suchanek, Fabian and others},
  journal={Foundations and Trends in Databases},
  volume={10},
  number={2-4},
  pages={108--490},
  year={2021},
  publisher={Now Publishers, Inc.}
}

@article{Hofer2023,
  x_doi = {10.48550/ARXIV.2302.11509},
  x_url = {https://arxiv.org/abs/2302.11509},
  author={Hofer, Marvin and Obraczka, Daniel and Saeedi, Alieh and K{\"o}pcke, Hanna and Rahm, Erhard},
  title = {Construction of Knowledge Graphs: State and Challenges},
  year = {2023},
  journal={Semantic Web},
  number={Under review},
  pages={1--43},
  publisher={IOS Press}
}

@article{stellato2020vocbench,
  title={VocBench 3: A collaborative Semantic Web editor for ontologies, thesauri and lexicons},
  author={Stellato, Armando and Fiorelli, Manuel and Turbati, Andrea and Lorenzetti, Tiziano and Van Gemert, Willem and Dechandon, Denis and Laaboudi-Spoiden, Christine and Gerencs{\'e}r, Anik{\'o} and Waniart, Anne and Costetchi, Eugeniu and others},
  journal={Semantic Web},
  volume={11},
  number={5},
  pages={855--881},
  year={2020},
  publisher={IOS Press}
}

@inproceedings{falcon20,
author = {Sakor, Ahmad and Singh, Kuldeep and Patel, Anery and Vidal, Maria-Esther},
title = {Falcon 2.0: An Entity and Relation Linking Tool over Wikidata},
year = {2020},
publisher = {Association for Computing Machinery},
address = {New York, NY, USA},
booktitle = {Proceedings of the 29th ACM International Conference on Information \& Knowledge Management},
pages = {3141–3148},
numpages = {8},
location = {Virtual Event, Ireland},
series = {CIKM '20}
}

@article{garcia2022rhizomer,
  title={Rhizomer: Interactive semantic knowledge graphs exploration},
  author={Garc{\'\i}a, Roberto and L{\'o}pez-Gil, Juan-Miguel and Gil, Rosa},
  journal={SoftwareX},
  volume={20},
  pages={101235},
  year={2022},
  publisher={Elsevier}
}

@misc{seaborne2013csv,
  title={SPARQL 1.1 Query Results {CSV} and {TSV} Formats. {W3C} Recommendation},
  author={Seaborne, Andy},
  year={2013},
  month={March}
}

@article{beek2017geoyasgui,
  title={GeoYASGUI: The GeoSPARQL query editor and result set visualizer},
  author={Beek, W and Folmer, E and Rietveld, Luuk and Walker, J},
  journal={The International Archives of Photogrammetry, Remote Sensing and Spatial Information Sciences},
  volume={42},
  pages={39},
  year={2017},
  publisher={Copernicus GmbH}
}

@article{rietveld2017yasgui,
  title={The YASGUI family of SPARQL clients 1},
  author={Rietveld, Laurens and Hoekstra, Rinke},
  journal={Semantic Web},
  volume={8},
  number={3},
  pages={373--383},
  year={2017},
  publisher={IOS Press}
}

@article{pellegrini2018automated,
  title={Automated rights clearance using semantic web technologies: The DALICC framework},
  author={Pellegrini, Tassilo and Mireles, Victor and Steyskal, Simon and Panasiuk, Oleksandra and Fensel, Anna and Kirrane, Sabrina},
  journal={Semantic Applications: Methodology, Technology, Corporate Use},
  pages={203--218},
  year={2018},
  publisher={Springer}
}

@inproceedings{bialecki2012apache,
  title={Apache lucene 4},
  author={Bia{\l}ecki, Andrzej and Muir, Robert and Ingersoll, Grant and Imagination, Lucid},
  booktitle={SIGIR 2012 workshop on open source information retrieval},
  pages={17},
  year={2012}
}

@inproceedings{rdfunit,
  author = {Kontokostas, Dimitris and Westphal, Patrick and Auer, S\"{o}ren and Hellmann, Sebastian and Lehmann, Jens and Cornelissen, Roland},
  booktitle = {Proceedings of the Companion Publication of the 23rd International Conference on World Wide Web Companion},
  location = {Seoul, Korea},
  numpages = {4},
  pages = {115--118},
  publisher = {International World Wide Web Conferences Steering Committee},
  series = {WWW Companion '14},
  title = {Databugger: A Test-driven Framework for Debugging the Web of Data},
  year = 2014
}

@inproceedings{Auer2012-lod-life-cycle,
author = {Auer, Sören and Bühmann, Lorenz and Dirschl, Christian and Erling, Orri and Hausenblas, Michael and Isele, Robert and Lehmann, Jens and Martin, Michael and Mendes, Pablo and Nuffelen, Bert and Stadler, Claus and Tramp, Sebastian and Williams, Hugh},
year = {2012},
month = {11},
pages = {},
title = {Managing the Life-Cycle of Linked Data with the LOD2 Stack},
volume = {7650},
}

@inproceedings{Noy2001-Ontology101,
  title={Ontology Development 101: A Guide to Creating Your First Ontology},
  author={Natasha Noy},
  year={2001}
}

@inproceedings{Gruninger1995-MethodologyFT,
  title={Methodology for the Design and Evaluation of Ontologies},
  author={Michael Gruninger},
  booktitle={International Joint Conference on Artificial Intelligence},
  year={1995}
}

@inproceedings{SurezFigueroa2012-TheNeonMethodology,
  title={The NeOn Methodology for Ontology Engineering},
  author={Mari Carmen Su{\'a}rez-Figueroa and Asunci{\'o}n G{\'o}mez-P{\'e}rez and Mariano Fern{\'a}ndez-L{\'o}pez},
  booktitle={Ontology Engineering in a Networked World},
  year={2012}
}

@article{ryen_building_2022,
	title = {Building {Semantic} {Knowledge} {Graphs} from ({Semi}-){Structured} {Data}: {A} {Review}},
	volume = {14},
	copyright = {http://creativecommons.org/licenses/by/3.0/},
	issn = {1999-5903},
	shorttitle = {Building {Semantic} {Knowledge} {Graphs} from ({Semi}-){Structured} {Data}},
	language = {en},
	number = {5},
	urldate = {2023-03-24},
	journal = {Future Internet},
	author = {Ryen, Vetle and Soylu, Ahmet and Roman, Dumitru},
	month = may,
	year = {2022},
	keywords = {knowledge graphs, linked data, Semantic Web, semi-structured data, structured data},
	pages = {129}
}

@article{tamasauskaite_defining_2023,
	title = {Defining a {Knowledge} {Graph} {Development} {Process} {Through} a {Systematic} {Review}},
	volume = {32},
	issn = {1049-331X},
	number = {1},
	urldate = {2023-03-24},
	journal = {ACM Trans. Softw. Eng. Methodol.},
	author = {Tamašauskaitė, Gytė and Groth, Paul},
	month = feb,
	year = {2023},
	keywords = {development process semantic network, information integration, knowledge graph construction, Knowledge graphs},
	pages = {27:1--27:40}
}

@article{zhu_multi-modal_2022,
	title = {Multi-{Modal} {Knowledge} {Graph} {Construction} and {Application}: {A} {Survey}},
	issn = {1558-2191},
	shorttitle = {Multi-{Modal} {Knowledge} {Graph} {Construction} and {Application}},
	journal = {IEEE Transactions on Knowledge and Data Engineering},
	author = {Zhu, Xiangru and Li, Zhixu and Wang, Xiaodan and Jiang, Xueyao and Sun, Penglei and Wang, Xuwu and Xiao, Yanghua and Yuan, Nicholas Jing},
	year = {2022},
	keywords = {Dogs, Feature extraction, Grounding, Multimodal Knowledge Graph, Poles and towers, Survey, Symbol Grounding, Symbols, Task analysis, Visualization},
	pages = {1--20}
}

@article{hitzler_review_2021,
	title = {A review of the semantic web field},
	volume = {64},
	issn = {0001-0782},
	abstract = {Tracing the triumphs and challenges of two decades of Semantic Web research and applications.},
	number = {2},
	urldate = {2023-03-24},
	journal = {Commun. ACM},
	author = {Hitzler, Pascal},
	month = jan,
	year = {2021},
	pages = {76--83}
 }


@inproceedings{micsik2014lodmilla,
  title={Lodmilla: Shared visualization of linked open data},
  author={Micsik, Andr{\'a}s and T{\'o}th, Zolt{\'a}n and Turbucz, S{\'a}ndor},
  booktitle={Theory and Practice of Digital Libraries--TPDL 2013 Selected Workshops: LCPD 2013, SUEDL 2013, DataCur 2013, Held in Valletta, Malta, September 22-26, 2013. Revised Selected Papers 3},
  pages={89--100},
  year={2014},
  organization={Springer}
}

@article{vega2019linked,
  title={Linked data exploration with RDF surveyor},
  author={Vega-Gorgojo, Guillermo and Slaughter, Laura and Von Zernichow, Bj{\o}rn Marius and Nikolov, Nikolay and Roman, Dumitru},
  journal={IEEE Access},
  volume={7},
  pages={172199--172213},
  year={2019},
  publisher={IEEE}
}

@inproceedings{bonwick2003zettabyte,
  title={The zettabyte file system},
  author={Bonwick, Jeff and Ahrens, Matt and Henson, Val and Maybee, Mark and Shellenbaum, Mark},
  booktitle={Proc. of the 2nd Usenix Conference on File and Storage Technologies},
  volume={215},
  year={2003}
}

@software{pyshacl,
  author       = {Sommer, Ashley and
                  Car, Nicholas},
  title        = {{pySHACL}},
  month        = jan,
  year         = 2022,
  publisher    = {Zenodo},
  version      = {0.20.0},
  doi          = {10.5281/zenodo.7059600}
}

@article{car2022geosparql,
  title={GeoSPARQL 1.1: Motivations, details and applications of the decadal update to the most important geospatial LOD standard},
  author={Car, Nicholas J and Homburg, Timo},
  journal={ISPRS International Journal of Geo-Information},
  volume={11},
  number={2},
  pages={117},
  year={2022},
  publisher={MDPI}
}

@inproceedings{motik2015handling,
  title={Handling {owl:sameAs} via rewriting},
  author={Motik, Boris and Nenov, Yavor and Piro, Robert and Horrocks, Ian},
  booktitle={Proceedings of the AAAI Conference on Artificial Intelligence},
  volume={29:1},
  year={2015}
}

@article{wilkinson2016fair,
  title={The FAIR Guiding Principles for scientific data management and stewardship},
  author={Wilkinson, Mark D and Dumontier, Michel and Aalbersberg, IJsbrand Jan and Appleton, Gabrielle and Axton, Myles and Baak, Arie and Blomberg, Niklas and Boiten, Jan-Willem and da Silva Santos, Luiz Bonino and Bourne, Philip E and others},
  journal={Scientific data},
  volume={3},
  number={1},
  pages={1--9},
  year={2016},
  publisher={Nature Publishing Group}
}
