@article{coburn2013taxonomy,
  title={A taxonomy of threats for macro-catastrophe risk management},
  author={Coburn, Andrew and Ralph, Daniel and Tuveson, Michelle and Ruffle, Simon and Bowman, Gary},
  journal={Centre for Risk Studies, Cambridge: University of Cambridge, Working Paper, July},
  pages={20--24},
  year={2013}
}

@article{SeliyaZK21,
  author    = {Naeem Seliya and
               Azadeh Abdollah Zadeh and
               Taghi M. Khoshgoftaar},
  title     = {A literature review on one-class classification and its potential
               applications in big data},
  journal   = {J. Big Data},
  volume    = {8},
  number    = {1},
  pages     = {122},
  year      = {2021},
  url       = {https://doi.org/10.1186/s40537-021-00514-x},
  doi       = {10.1186/s40537-021-00514-x},
}


@software{spacy,
  title={spaCy: Industrial-strength Natural Language Processing in Python},
  author={Honnibal, Matthew and Montani, Ines and Van Landeghem, Sofie and Boyd, Adriane},
  year={2020},
  publisher={Zenodo},
  doi={10.5281/zenodo.1212303},
  url={https://doi.org/10.5281/zenodo.1212303}
}

@book{10.5555/560669,
author = {Bertsekas, Dimitri P. and Tsitsiklis, John N.},
title = {Neuro-Dynamic Programming},
year = {1996},
isbn = {1886529108},
publisher = {Athena Scientific},
edition = {1st},
abstract = {From the Publisher:This is the first textbook that fully explains the neuro-dynamic
programming/reinforcement learning methodology, which is a recent breakthrough in
the practical application of neural networks and dynamic programming to complex problems
of planning, optimal decision making, and intelligent control.}
}

@inproceedings{tijsma2016comparing,
  title={Comparing exploration strategies for q-learning in random stochastic mazes},
  author={Tijsma, Arryon D and Drugan, Madalina M and Wiering, Marco A},
  booktitle={2016 IEEE Symposium Series on Computational Intelligence (SSCI)},
  pages={1--8},
  year={2016},
  organization={IEEE}
}

@article{landis1977measurement,
  title={The measurement of observer agreement for categorical data},
  author={Landis, J Richard and Koch, Gary G},
  journal={biometrics},
  pages={159--174},
  year={1977},
  publisher={JSTOR}
}

@article{mentzer2001defining,
  title={Defining supply chain management},
  author={Mentzer, John T and DeWitt, William and Keebler, James S and Min, Soonhong and Nix, Nancy W and Smith, Carlo D and Zacharia, Zach G},
  journal={Journal of Business logistics},
  volume={22},
  number={2},
  pages={1--25},
  year={2001},
  publisher={Wiley Online Library}
}

@article{la1994emerging,
  title={Emerging logistics strategies: blueprints for the next century},
  author={La Londe, Bernard J and Masters, James M},
  journal={International journal of physical distribution \& logistics management},
  year={1994},
  publisher={MCB UP Ltd}
}

@book{christopher1992logistics,
  title={Logistics and supply chain management},
  author={Christopher, Martin},
  year={1992},
  publisher={Financial Times/Irwin Professional Pub.}
}

@article{aboutorab2021reinforcement,
  title={A reinforcement learning-based framework for disruption risk identification in supply chains},
  author={Aboutorab, Hamed and Hussain, Omar K and Saberi, Morteza and Hussain, Farookh},
  journal={Future Generation Computer Systems},
  year={2021},
  publisher={Elsevier}
}

@article{stevenson2007flexibility,
  title={Flexibility from a supply chain perspective: definition and review},
  author={Stevenson, Mark and Spring, Martin},
  journal={International journal of operations \& production management},
  year={2007},
  publisher={Emerald Group Publishing Limited}
}

@article{purdy2010iso,
  title={ISO 31000: 2009â€”setting a new standard for risk management},
  author={Purdy, Grant},
  journal={Risk Analysis: An International Journal},
  volume={30},
  number={6},
  pages={881--886},
  year={2010},
  publisher={Wiley Online Library}
}

@article{tchankova2002risk,
  title={Risk identification--basic stage in risk management},
  author={Tchankova, Lubka},
  journal={Environmental management and health},
  year={2002},
  publisher={MCB UP Ltd}
}

@article{aboutorab2021survey,
  title={A survey on the suitability of risk identification techniques in the current networked environment},
  author={Aboutorab, Hamed and Hussain, Omar K and Saberi, Morteza and Hussain, Farookh and Chang, Elizabeth},
  journal={Journal of Network and Computer Applications},
  pages={102984},
  year={2021},
  publisher={Elsevier}
}

@book{nilsson2014principles,
  title={Principles of artificial intelligence},
  author={Nilsson, Nils J},
  year={2014},
  publisher={Morgan Kaufmann}
}

@book{barr2014handbook,
  title={The Handbook of Artificial Intelligence: Volume 2},
  author={Barr, Avron and Feigenbaum, Edward A},
  volume={2},
  year={2014},
  publisher={Butterworth-Heinemann}
}


@article{chowdhury2003natural,
  title={Natural language processing},
  author={Chowdhury, Gobinda G},
  journal={Annual review of information science and technology},
  volume={37},
  number={1},
  pages={51--89},
  year={2003},
  publisher={Wiley Online Library}
}

@article{jordan2015machine,
  title={Machine learning: Trends, perspectives, and prospects},
  author={Jordan, Michael I and Mitchell, Tom M},
  journal={Science},
  volume={349},
  number={6245},
  pages={255--260},
  year={2015},
  publisher={American Association for the Advancement of Science}
}

@book{sutton2018reinforcement,
  title={Reinforcement learning: An introduction},
  author={Sutton, Richard S and Barto, Andrew G},
  year={2018},
  publisher={MIT press}
}

@inproceedings{zohora2020forecasting,
  title={Forecasting the risk of type ii diabetes using reinforcement learning},
  author={Zohora, Most Fatematuz and Tania, Marzia Hoque and Kaiser, M Shamim and Mahmud, Mufti},
  booktitle={2020 Joint 9th International Conference on Informatics, Electronics \& Vision (ICIEV) and 2020 4th International Conference on Imaging, Vision \& Pattern Recognition (icIVPR)},
  pages={1--6},
  year={2020},
  organization={IEEE}
}

@article{wang2020risk,
  title={Risk-aware identification of highly suspected covid-19 cases in social iot: A joint graph theory and reinforcement learning approach},
  author={Wang, Bowen and Sun, Yanjing and Duong, Trung Q and Nguyen, Long D and Hanzo, Lajos},
  journal={Ieee Access},
  volume={8},
  pages={115655--115661},
  year={2020},
  publisher={IEEE}
}

@inproceedings{zheng2018drn,
  title={DRN: A deep reinforcement learning framework for news recommendation},
  author={Zheng, Guanjie and Zhang, Fuzheng and Zheng, Zihan and Xiang, Yang and Yuan, Nicholas Jing and Xie, Xing and Li, Zhenhui},
  booktitle={Proceedings of the 2018 World Wide Web Conference},
  pages={167--176},
  year={2018}
}

@inproceedings{zhao2021dear,
  title={DEAR: Deep Reinforcement Learning for Online Advertising Impression in Recommender Systems},
  author={Zhao, Xiangyu and Gu, Changsheng and Zhang, Haoshenglun and Yang, Xiwang and Liu, Xiaobing and Liu, Hui and Tang, Jiliang},
  booktitle={Proceedings of the AAAI Conference on Artificial Intelligence},
  volume={35},
  number={1},
  pages={750--758},
  year={2021}
}

@article{yu2010developing,
  title={Developing an SVM-based ensemble learning system for customer risk identification collaborating with customer relationship management},
  author={Yu, Lean and Wang, Shouyang and Lai, Kin Keung},
  journal={Frontiers of Computer Science in China},
  volume={4},
  number={2},
  pages={196--203},
  year={2010},
  publisher={Springer}
}

@inproceedings{imanara2012identification,
  title={An identification method of risks in project plan document by automatic acquisition of risk expression},
  author={Imanara, Yuuki and Nakajima, Daisuke and Samejima, Masaki and Akiyoshi, Masanori and Morihisa, Hiroshi},
  booktitle={2012 IEEE International Conference on Systems, Man, and Cybernetics (SMC)},
  pages={1235--1239},
  year={2012},
  organization={IEEE}
}

@incollection{daramola2013using,
  title={Using ontologies and machine learning for hazard identification and safety analysis},
  author={Daramola, Olawande and St{\aa}lhane, Tor and Omoronyia, Inah and Sindre, Guttorm},
  booktitle={Managing requirements knowledge},
  pages={117--141},
  year={2013},
  publisher={Springer}
}

@article{yang2015hybrid,
  title={A hybrid model for automatic identification of risk factors for heart disease},
  author={Yang, Hui and Garibaldi, Jonathan M},
  journal={Journal of biomedical informatics},
  volume={58},
  pages={S171--S182},
  year={2015},
  publisher={Elsevier}
}

@article{kim2015information,
  title={Information retrieval framework for hazard identification in construction},
  author={Kim, Hyunsoo and Lee, Hyun-Soo and Park, Moonseo and Chung, BooYoung and Hwang, Sungjoo},
  journal={Journal of Computing in Civil Engineering},
  volume={29},
  number={3},
  pages={04014052},
  year={2015},
  publisher={American Society of Civil Engineers}
}

@inproceedings{subramanian2017cognitive,
  title={A cognitive assistant for risk identification and modeling},
  author={Subramanian, Dharmashankar and Bhattachrajya, Debarun and Torrado, Ruben R and Kephart, Jeff and Chenthamarakshan, Vijil and Rios, Jesus},
  booktitle={2017 IEEE International Conference on Big Data (Big Data)},
  pages={1570--1579},
  year={2017},
  organization={IEEE}
}

@article{lucas2016testing,
  title={Testing a text mining tool for emerging risk identification},
  author={Lucas Luijckx, Niels B and van de Brug, Fred J and Leeman, Winfried R and van der Vossen, Jos MBM and Cnossen, Hilde J},
  journal={EFSA Supporting Publications},
  volume={13},
  number={12},
  pages={1154E},
  year={2016},
  publisher={Wiley Online Library}
}

@inproceedings{qu2017computer,
  title={Computer-assisted content analysis in risk identification of public-private partnership projects},
  author={Qu, Yingying},
  booktitle={International Symposium on Emerging Technologies for Education},
  pages={528--538},
  year={2017},
  organization={Springer}
}

@article{wang2018improving,
  title={Improving workplace hazard identification performance using data mining},
  author={Wang, Xinhao and Huang, Xifei and Luo, Yun and Pei, Jingjing and Xu, Ming},
  journal={Journal of Construction Engineering and Management},
  volume={144},
  number={8},
  pages={04018068},
  year={2018},
  publisher={American Society of Civil Engineers}
}

@inproceedings{salamai2018risk,
  title={Risk identification-based association rule mining for supply chain big data},
  author={Salamai, Abdullah and Saberi, Morteza and Hussain, Omar and Chang, Elizabeth},
  booktitle={International Conference on Security, Privacy and Anonymity in Computation, Communication and Storage},
  pages={219--228},
  year={2018},
  organization={Springer}
}

@inproceedings{zhu2018research,
  title={Research on geological hazard identification based on deep learning},
  author={Zhu, Cheng and Cheng, Tao},
  booktitle={AIP Conference Proceedings},
  volume={1967},
  number={1},
  pages={040027},
  year={2018},
  organization={AIP Publishing LLC}
}

@article{lai2019automated,
  title={An automated strategy for early risk identification of sudden cardiac death by using machine learning approach on measurable arrhythmic risk markers},
  author={Lai, Dakun and Zhang, Yifei and Zhang, Xinshu and Su, Ye and Heyat, Md Belal Bin},
  journal={IEEE Access},
  volume={7},
  pages={94701--94716},
  year={2019},
  publisher={IEEE}
}

@inproceedings{mangortey2020application,
  title={Application of machine learning techniques to parameter selection for flight risk identification},
  author={Mangortey, Eugene and Monteiro, Dylan and Ackley, Jamey and Gao, Zhenyu and Puranik, Tejas G and Kirby, Michelle and Pinon-Fischer, Olivia J and Mavris, Dimitri N},
  booktitle={AIAA Scitech 2020 Forum},
  pages={1850},
  year={2020}
}

@book{bhaumik2018ai,
  title={From AI to robotics: mobile, social, and sentient robots},
  author={Bhaumik, Arkapravo},
  year={2018},
  publisher={CRC Press}
}

@inproceedings{bouloutian2014artificial,
  title={Artificial Intelligence Gaming Assistant for Google Glass},
  author={Bouloutian, Scott and Kim, Edward},
  booktitle={International Symposium on Visual Computing},
  pages={770--778},
  year={2014},
  organization={Springer}
}

@article{vanneschi2018artificial,
  title={An artificial intelligence system for predicting customer default in e-commerce},
  author={Vanneschi, Leonardo and Horn, David Micha and Castelli, Mauro and Popovi{\v{c}}, Ale{\v{s}}},
  journal={Expert Systems with Applications},
  volume={104},
  pages={1--21},
  year={2018},
  publisher={Elsevier}
}

@article{yu2018artificial,
  title={Artificial intelligence in healthcare},
  author={Yu, Kun-Hsing and Beam, Andrew L and Kohane, Isaac S},
  journal={Nature biomedical engineering},
  volume={2},
  number={10},
  pages={719--731},
  year={2018},
  publisher={Nature Publishing Group}
}

@article{neveol2018clinical,
  title={Clinical natural language processing in languages other than english: opportunities and challenges},
  author={N{\'e}v{\'e}ol, Aur{\'e}lie and Dalianis, Hercules and Velupillai, Sumithra and Savova, Guergana and Zweigenbaum, Pierre},
  journal={Journal of biomedical semantics},
  volume={9},
  number={1},
  pages={1--13},
  year={2018},
  publisher={BioMed Central}
}

@article{sharma2020machine,
  title={Machine learning applications for precision agriculture: A comprehensive review},
  author={Sharma, Abhinav and Jain, Arpit and Gupta, Prateek and Chowdary, Vinay},
  journal={IEEE Access},
  year={2020},
  publisher={IEEE}
}

@article{zar1972significance,
  title={Significance testing of the Spearman rank correlation coefficient},
  author={Zar, Jerrold H},
  journal={Journal of the American Statistical Association},
  volume={67},
  number={339},
  pages={578--580},
  year={1972},
  publisher={Taylor \& Francis}
}

@Misc{Roadworks,
  title         = {{Roadworks and Road Closures}},
  xhowpublished = {\url{https://datahub.freightaustralia.gov.au/insights/roadworks/}},
  note          = {{Accessed}: 2022-06-16},
  url           = {https://datahub.freightaustralia.gov.au/insights/roadworks/},
  xurldate      = {2022-06-16},
  year          = 2022,
}

@Misc{DBpedia,
  title         = {{DBpedia}},
  xhowpublished = {\url{https://www.dbpedia.org}},
  note          = {{Accessed}: 2022-07-15},
  url           = {https://www.dbpedia.org},
  xurldate      = {2022-07-15},
  year          = 2022,
}

@Misc{Cause,
  title         = {{Cause-Effect Detection}},
  xhowpublished = {\url{https://huggingface.co/noahjadallah/cause-effect-detection}},
  note          = {{Accessed}: 2022-07-22},
  url           = {https://huggingface.co/noahjadallah/cause-effect-detection},
  xurldate      = {2022-07-22},
  year          = 2022,
}


@article{utkin2017one,
  title={An one-class classification support vector machine model by interval-valued training data},
  author={Utkin, Lev V and Zhuk, Yulia A},
  journal={Knowledge-Based Systems},
  volume={120},
  pages={43--56},
  year={2017},
  publisher={Elsevier}
}

@article{tax2004support,
  title={Support vector data description},
  author={Tax, David MJ and Duin, Robert PW},
  journal={Machine learning},
  volume={54},
  number={1},
  pages={45--66},
  year={2004},
  publisher={Springer}
}

@book{sammut2011encyclopedia,
  title={Encyclopedia of machine learning},
  author={Sammut, Claude and Webb, Geoffrey I},
  year={2011},
  publisher={Springer Science \& Business Media}
}

@article{hearst1998support,
  title={Support vector machines},
  author={Hearst, Marti A. and Dumais, Susan T and Osuna, Edgar and Platt, John and Scholkopf, Bernhard},
  journal={IEEE Intelligent Systems and their applications},
  volume={13},
  number={4},
  pages={18--28},
  year={1998},
  publisher={IEEE}
}

@article{chang2011libsvm,
  title={LIBSVM: a library for support vector machines},
  author={Chang, Chih-Chung and Lin, Chih-Jen},
  journal={ACM transactions on intelligent systems and technology (TIST)},
  volume={2},
  number={3},
  pages={1--27},
  year={2011},
  publisher={Acm New York, NY, USA}
}

@article{refaeilzadeh2009cross,
  title={Cross-validation.},
  author={Refaeilzadeh, Payam and Tang, Lei and Liu, Huan},
  journal={Encyclopedia of database systems},
  volume={5},
  pages={532--538},
  year={2009},
  publisher={Springer}
}

@misc{ting2017encyclopedia,
  title={Encyclopedia of Machine Learning and Data Mining, chap. Confusion Matrix, 260},
  author={Ting, KM},
  year={2017},
  publisher={Springer US, Boston, MA}
}

@inproceedings{wang2021scc,
  title={SCC: an efficient deep reinforcement learning agent mastering the game of StarCraft II},
  author={Wang, Xiangjun and Song, Junxiao and Qi, Penghui and Peng, Peng and Tang, Zhenkun and Zhang, Wei and Li, Weimin and Pi, Xiongjun and He, Jujie and Gao, Chao and others},
  booktitle={International Conference on Machine Learning},
  pages={10905--10915},
  year={2021},
  organization={PMLR}
}

@article{silver2018general,
  title={A general reinforcement learning algorithm that masters chess, shogi, and Go through self-play},
  author={Silver, David and Hubert, Thomas and Schrittwieser, Julian and Antonoglou, Ioannis and Lai, Matthew and Guez, Arthur and Lanctot, Marc and Sifre, Laurent and Kumaran, Dharshan and Graepel, Thore and others},
  journal={Science},
  volume={362},
  number={6419},
  pages={1140--1144},
  year={2018},
  publisher={American Association for the Advancement of Science}
}

@inproceedings{yuyan2019novel,
  title={A novel movie recommendation system based on deep reinforcement learning with prioritized experience replay},
  author={Yuyan, Zhang and Xiayao, Su and Yong, Liu},
  booktitle={2019 IEEE 19th International Conference on Communication Technology (ICCT)},
  pages={1496--1500},
  year={2019},
  organization={IEEE}
}

@article{jones2001environmental,
  title={An environmental risk assessment/management framework for climate change impact assessments},
  author={Jones, Roger N},
  journal={Natural hazards},
  volume={23},
  number={2},
  pages={197--230},
  year={2001},
  publisher={Springer}
}

@inproceedings{wang2020off,
  title={Off-policy recommendation system without exploration},
  author={Wang, Chengwei and Zhou, Tengfei and Chen, Chen and Hu, Tianlei and Chen, Gang},
  booktitle={Pacific-Asia Conference on Knowledge Discovery and Data Mining},
  pages={16--27},
  year={2020},
  organization={Springer}
}

@article{powell2016system,
  title={System-focused risk identification and assessment for disaster preparedness: Dynamic threat analysis},
  author={Powell, John H and Mustafee, Navonil and Chen, AS and Hammond, M},
  journal={European Journal of Operational Research},
  volume={254},
  number={2},
  pages={550--564},
  year={2016},
  publisher={Elsevier}
}

@article{ravankhah2017multi,
  title={Multi-hazard disaster risk identification for World Cultural Heritage sites in seismic zones},
  author={Ravankhah, Mohammad and Schmidt, Michael and Will, Thomas},
  journal={Journal of Cultural Heritage Management and Sustainable Development},
  year={2017},
  publisher={Emerald Publishing Limited}
}

@article{munawar2021review,
  title={A review on flood management technologies related to image processing and machine learning},
  author={Munawar, Hafiz Suliman and Hammad, Ahmed WA and Waller, S Travis},
  journal={Automation in Construction},
  volume={132},
  pages={103916},
  year={2021},
  publisher={Elsevier}
}

@article{pally2022application,
  title={Application of image processing and convolutional neural networks for flood image classification and semantic segmentation},
  author={Pally, RJ and Samadi, S},
  journal={Environmental Modelling \& Software},
  volume={148},
  pages={105285},
  year={2022},
  publisher={Elsevier}
}

@inproceedings{boillot2021deep,
  title={Deep learning seismic facies identification: the Total journey at SEAM AI Hackathon},
  author={Boillot, L and Golmohammadi, A and Guillon, S and Pivot, F},
  booktitle={82nd EAGE Annual Conference \& Exhibition},
  volume={2021},
  number={1},
  pages={1--5},
  year={2021},
  organization={European Association of Geoscientists \& Engineers}
}

@article{liu2019local,
  title={Local severe storm tracking and warning in pre-convection stage from the new generation geostationary weather satellite measurements},
  author={Liu, Zijing and Min, Min and Li, Jun and Sun, Fenglin and Di, Di and Ai, Yufei and Li, Zhenglong and Qin, Danyu and Li, Guicai and Lin, Yinjing and others},
  journal={Remote Sensing},
  volume={11},
  number={4},
  pages={383},
  year={2019},
  publisher={MDPI}
}

@Misc{Natural,
  title         = {{Natural Earth}},
  xhowpublished = {\url{https://www.naturalearthdata.com}},
  note          = {{Accessed}: 2022-06-22},
  url           = {https://www.naturalearthdata.com},
  xurldate      = {2022-06-22},
  year          = 2022,
}

@incollection{samek2019towards,
  title={Towards explainable artificial intelligence},
  author={Samek, Wojciech and M{\"u}ller, Klaus-Robert},
  booktitle={Explainable AI: interpreting, explaining and visualizing deep learning},
  pages={5--22},
  year={2019},
  publisher={Springer}
}

@article{raza2022news,
  title={News recommender system: a review of recent progress, challenges, and opportunities},
  author={Raza, Shaina and Ding, Chen},
  journal={Artificial Intelligence Review},
  pages={1--52},
  year={2022},
  publisher={Springer}
}

@article{gunning2019xai,
  title={XAIâ€”Explainable artificial intelligence},
  author={Gunning, David and Stefik, Mark and Choi, Jaesik and Miller, Timothy and Stumpf, Simone and Yang, Guang-Zhong},
  journal={Science robotics},
  volume={4},
  number={37},
  pages={eaay7120},
  year={2019},
  publisher={American Association for the Advancement of Science}
}

@inproceedings{articledbpedia,
  author    = {S{\"{o}}ren Auer and
               Christian Bizer and
               Georgi Kobilarov and
               Jens Lehmann and
               Richard Cyganiak and
               Zachary G. Ives},
  title     = {{DBpedia}: {A} Nucleus for a Web of Open Data},
  booktitle = {{ISWC} 2007},
  series    = {LNCS},
  volume    = {4825},
  publisher = {Springer},
  year      = {2007},
}

@article{DBLP:journals/neco/ScholkopfPSSW01,
  author    = {Bernhard Sch{\"{o}}lkopf and
               John C. Platt and
               John Shawe{-}Taylor and
               Alexander J. Smola and
               Robert C. Williamson},
  title     = {Estimating the Support of a High-Dimensional Distribution},
  journal   = {Neural Comput.},
  volume    = {13},
  number    = {7},
  pages     = {1443--1471},
  year      = {2001},
  doi       = {10.1162/089976601750264965},
}