% Crisis Research
@INPROCEEDINGS{Kim2022,
  author={Kim, Seonhyeong and Kwon, Young-Woo},
  booktitle={2022 IEEE International Conference on Big Data (Big Data)}, 
  title={Construction of Disaster Knowledge Graphs to Enhance Disaster Resilience}, 
  year={2022},
  volume={},
  number={},
  pages={6721-6723},
  doi={10.1109/BigData55660.2022.10021017}}

% Dataset Research/ KG
@misc{Yang2020,
  doi = {10.48550/ARXIV.2010.05172},
  url = {https://arxiv.org/abs/2010.05172},
  author = {Yang, Yucheng and Pang, Yue and Huang, Guanhua and E, Weinan},
  keywords = {General Economics (econ.GN), Artificial Intelligence (cs.AI), FOS: Economics and business, FOS: Economics and business, FOS: Computer and information sciences, FOS: Computer and information sciences},
  title = {The Knowledge Graph for Macroeconomic Analysis with Alternative Big Data},
  publisher = {arXiv},
  year = {2020},
  copyright = {arXiv.org perpetual, non-exclusive license}
}

@article{TILLY2021115765,
title = {Macroeconomic forecasting with statistically validated knowledge graphs},
journal = {Expert Systems with Applications},
volume = {186},
pages = {115765},
year = {2021},
issn = {0957-4174},
url = {https://www.sciencedirect.com/science/article/pii/S0957417421011386},
author = {Sonja Tilly and Giacomo Livan},
keywords = {Knowledge graph, Time series forecasting, Natural language processing, Big data}
}

% General Graph Info
@book{wilson2015,
  title={Introduction to Graph Theory uPDF eBook},
  author={Wilson, Robin J},
  year={2015},
  publisher={Pearson Higher Ed}
}

% tKG 
@inproceedings{Han2021xerte,
  author    = {Zhen Han and
               Peng Chen and
               Yunpu Ma and
               Volker Tresp},
  title     = {Explainable Subgraph Reasoning for Forecasting on Temporal Knowledge Graphs},
  booktitle = {{ICLR} 2021,
               Virtual Event, Austria, May 3-7, 2021},
  year      = {2021},
  url       = {https://openreview.net/forum?id=pGIHq1m7PU},
  timestamp = {Wed, 23 Jun 2021 17:36:40 +0200},
  biburl    = {https://dblp.org/rec/conf/iclr/HanCMT21.bib},
  bibsource = {dblp computer science bibliography, https://dblp.org},
  comment   = {Reasons over query-relevant subgraphs of TKG – node attention score, edge contribution score},
  groups    = {TKG Forecasting}
}

@inproceedings{Trivedi2017,
  author    = {Rakshit Trivedi and
               Hanjun Dai and
               Yichen Wang and
               Le Song},
  editor    = {Doina Precup and
               Yee Whye Teh},
  title     = {Know-Evolve: Deep Temporal Reasoning for Dynamic Knowledge Graphs},
  booktitle = {{ICML} 2017, Sydney, Australia},
  publisher = {{PMLR}},
  year      = {2017},
  url       = {http://proceedings.mlr.press/v70/trivedi17a.html},
  timestamp = {Thu, 25 Jul 2019 16:33:02 +0200},
  biburl    = {https://dblp.org/rec/conf/icml/TrivediDWS17.bib},
  bibsource = {dblp computer science bibliography, https://dblp.org}
}

@inproceedings{Li2021regcn,
  author    = {Zixuan Li and
               Xiaolong Jin and
               Wei Li and
               Saiping Guan and
               Jiafeng Guo and
               Huawei Shen and
               Yuanzhuo Wang and
               Xueqi Cheng},
  title     = {Temporal Knowledge Graph Reasoning Based on Evolutional Representation                Learning},
  booktitle = {{SIGIR} '21, Virtual Event, Canada},
  pages     = {408--417},
  publisher = {{ACM}},
  year      = {2021},
  url       = {https://doi.org/10.1145/3404835.3462963}
}

%% Datasets
@article{Zhang2021,
  author    = {Fu Zhang and
               Zhiyin Li and
               Dunhong Peng and
               Jingwei Cheng},
  title     = {{RDF} for temporal data management - a survey},
  journal   = {Earth Sci. Informatics},
  volume    = {14},
  number    = {2},
  pages     = {563--599},
  year      = {2021},
  url       = {https://doi.org/10.1007/s12145-021-00574-w}
}

@inproceedings{Leetaru2013GDELT,
  title={Gdelt: Global data on events, location, and tone, 1979--2012},
  author={Leetaru, Kalev and Schrodt, Philip A},
  booktitle={ISA annual convention},
  pages={1--49},
  year={2013},
  organization={Citeseer}
}
@misc{Boschee2015,
author = {Boschee, Elizabeth and Lautenschlager, Jennifer and O'Brien, Sean and Shellman, Steve and Starz, James and Ward, Michael},
publisher = {Harvard Dataverse},
title = {{ICEWS Coded Event Data}},
UNF = {UNF:6:NOSHB7wyt0SQ8sMg7+w38w==},
year = {2015},
version = {V35},
doi = {10.7910/DVN/28075},
url = {https://doi.org/10.7910/DVN/28075}
}

@inproceedings{GarciaDuran2018ICEWS14,
    title = {Learning Sequence Encoders for Temporal Knowledge Graph Completion},
    author = {Garc{\'\i}a-Dur{\'a}n, Alberto  and
      Duman{\v{c}}i{\'c}, Sebastijan  and
      Niepert, Mathias},
    booktitle = {EMNLP 2018},
    year = {2018},
    address = {Brussels, Belgium},
    url = {https://aclanthology.org/D18-1516},
    pages = {4816--4821},
}
@article{Jin2019oldrenet,
  title={Recurrent event network: Autoregressive structure inference over temporal knowledge graphs},
  author={Jin, Woojeong and Qu, Meng and Jin, Xisen and Ren, Xiang},
  note={preprint version},
  journal={arXiv preprint arXiv:1904.05530},
  year={2019}
} % this version describes the dataset preprocessing for WIKI and YAGO.

@inproceedings{Mahdisoltani2015YAGO,
  title={YAGO3: A Knowledge Base from Multilingual Wikipedias},
  author={Farzaneh Mahdisoltani and Joanna Asia Biega and Fabian M. Suchanek},
  booktitle={CIDR},
  year={2015}
}

@inproceedings{Leblay2018WIKI,
  title={Deriving validity time in knowledge graph},
  author={Leblay, Julien and Chekol, Melisachew Wudage},
  booktitle={Companion proceedings of the the web conference 2018},
  pages={1771--1776},
  year={2018},
  url       = {https://doi.org/10.1145/3184558.3191639}
}

% ACLED paper
@article{acled_paper,
author = {C. Raleigh and A. Linke and H. Hegre and J. Karlsen},
title ={Introducing ACLED: An Armed Conflict Location and Event Dataset},
journal = {Journal of Peace Research},
volume = {47},
number = {5},
pages = {651-660},
year = {2010},
URL = { 
        https://doi.org/10.1177/0022343310378914    }    
}

% ACLED dataset
@misc{acled_2023, 
 title={Armed Conflict Location \& Event Data Project (ACLED)}, url={https://acleddata.com/data-export-tool/}, 
 year={2023}, 
 month={Feb}}

% GTA paper
 @article{gta_paper,
 title={Global Trade Alert: Motivation and Launch}, volume={8},
 DOI={10.1017/S1474745609990061}, number={4}, journal={World Trade Review}, publisher={Cambridge University Press}, author={EVENETT, SIMON J.}, year={2009}, pages={607–609}}

% GTA dataset
@misc{gta_2023, 
 title={Global Trade Alerts}, 
 url={https://www.globaltradealert.org/data_extraction}, 
 year={2023}, 
 month={Feb}} 

@misc{coy_2023, 
 title={CoyPu COY Ontology}, 
 url={https://gitlab.com/coypu-project/coy-ontology}, 
 year={2023}, 
 month={Feb}} 

% Vocabularies
@techreport{Crofts2011,
  added-at = {2012-12-16T11:36:16.000+0100},
  biburl = {https://www.bibsonomy.org/bibtex/25626890dd39ef9efa6af85db944a6311/voj},
  editor = {Crofts, Nick and Doerr, Martin and Gill, Tony and Stead, Stephen and Stiff, Matthew},
  institution = {ICOM/CIDOC CRM Special Interest Group},
  interhash = {0f169efffa63b467d86792ed1855fd1b},
  intrahash = {5626890dd39ef9efa6af85db944a6311},
  keywords = {CIDOC-CRM model},
  month = {11},
  timestamp = {2012-12-16T11:36:16.000+0100},
  title = {Definition of the
CIDOC Conceptual Reference Model Version 5.0.4},
  year = 2011
}

@article{Palen2007,
author = {Palen, Leysia and Vieweg, Sarah and Sutton, Jeannette and Liu, Sophia and Hughes, Amanda},
year = {2007},
month = {01},
pages = {},
title = {Crisis Informatics: Studying Crisis in a Networked World}
}

@inproceedings{Soden2014,
  title={Resilience-building and the crisis informatics agenda: Lessons learned from open cities Kathmandu},
  author={Robert Soden and Nama Budhathoki and Leysia Palen},
  booktitle={International Conference on Information Systems for Crisis Response and Management},
  year={2014}
}

@inproceedings{Alshaikh2012,
  title={Building resilience through crisis mapping, community engagement and recovery planning in Sudan.},
  author={Alshaikh, Margunn Indreboe and Larrauri, Helena Puig},
  booktitle={ISCRAM},
  year={2012}
}

@article{Soden2018, author = {Soden, Robert and Palen, Leysia}, title = {Informating Crisis: Expanding Critical Perspectives in Crisis Informatics}, year = {2018}, issue_date = {November 2018}, publisher = {Association for Computing Machinery}, address = {New York, NY, USA}, volume = {2}, number = {CSCW}, url = {https://doi.org/10.1145/3274431}, doi = {10.1145/3274431}}

@online{Coypu,
  author = {Coypu},
  title = {Cognitive Economy Intelligence Plattform für die Resilienz wirtschaftlicher Ökosysteme (CoyPu)},
  year = 2021,
  url = {https://coypu.org},
  urldate = {2023-03-02}
}

@misc{McKinsey2022,
author = {McKinsey \& Company, World Economic Forum},
publisher = {McKinsey \& Company},
title = {{Resilience for Sustainable, Inclusive Growth - White Paper}},
year = {2022},
url = {https://www.mckinsey.com/capabilities/risk-and-resilience/our-insights/resilience-for-sustainable-inclusive-growth}
}
