@proceedings{D2R2-22,
  booktitle = {International Workshop on Data-driven Resilience Research 2022 (D2R2'22)},
  year = 2022,
  editor = {Natanael Arndt and Sabine Gr√ºnder-Fahrer and Julia Holze and Michael Martin and Sebastian Tramp},
  number = 3376,
  series = {CEUR Workshop Proceedings},
  address = {Aachen},
  issn = {1613-0073},
  url = {https://ceur-ws.org/Vol-3376},
  venue = {Leipzig, Germany},
  eventdate = {2022-07-06},
  title = {Proceedings of the International Workshop on Data-driven Resilience Research, {Data} {Week} {Leipzig} 2022}
}