@inproceedings{trouillon2016,
	title = {{Complex embeddings for simple link prediction}},
	author = {Th\'{e}o Trouillon and Johannes Welbl and Sebastian Riedel and {\'{E}}ric Gaussier and Guillaume Bouchard},
	booktitle = {The Thirty-Third International Conference on Machine Learning},
	year = {2016}
}

@techreport{brylowski2021studie,
	author = {Martin Brylowski and Meike Schröder and Wolfgang Kersten},
	title = {Machine Learning im Supply Chain Risk Management: Studie},
 institution = {Technische Universität Hamburg},
	year = {2021}
}

@inproceedings{brylowski2021review,
	author = {Martin Brylowski and Meike Schröder and Sebastian Lodemann and Wolfgang Kersten},
	title = {Machine Learning in supply chain management: A scoping review},
 booktitle = {Proceedings of the Hamburg International Conference of Logistics},
 volume = {31},
	year = {2021}
}

@inproceedings{tirkolaee2021,
	author = {Erfan Babaee Tirkolaee and Saeid Sadeghi and Farzaneh Mansoori Mooseloo and Hadi Rezaei Vandchali and Samira Aeini},
	title = {Application of Machine Learning in Supply Chain Management: A Comprehensive Overview of the Main Areas},
 booktitle = {Mathematical Problems in Engineering},
 volume = {2021},
	year = {2021}
}

@inproceedings{brintrup2018,
	author = {A. Brintrup and P. Wichmann and P. Woodall and D. McFarlane and E. Nicks and W. Krechel},
	title = {Predicting Hidden Links in Supply Networks},
 booktitle = {Complexity},
 volume = {2018},
	year = {2018}
}

@inproceedings{gopal2021,
	author = {Achintya Gopal and Chunho Chang},
	title = {Discovering Supply Chain Links with Augmented Intelligence},
 organization = {Workshop Natural Language Processing and Network Analysis in Financial Applications},
 booktitle = {The Second ACM International Conference on AI in Finance},
	year = {2021}
}

@inproceedings{lu2020,
	author = {Zhi-Gang Lu and Qian Chen},
	title = {Discovering Potential Partners via Projection-Based Link Prediction in the Supply Chain Network},
 booktitle = {International Journal of Computational Intelligence Systems},
 volume = {13},
	year = {2020}
}

@inproceedings{kosasih2021,
	author = {Edward Elson Kosasih and Alexandra Brintrup},
	title = {A machine learning approach for predicting hidden links in supply chain with graph neural networks},
 booktitle = {International Journal of Production Research},
 volume = {60},
	year = {2021}
}

@inproceedings{aziz2021,
	author = {Ajmal Aziz and Edward Elson Kosasih and Ryan-Rhys Griffiths and Alexandra Brintrup},
	title = {Data Considerations in Graph Representation Learning for Supply Chain Networks},
 booktitle = {The Thirty-Eighth International Conference on Machine Learning},
 organization = {Workshop Machine Learning for Data: Automated Creation, Privacy, Bias},
	year = {2021}
}

@inproceedings{sun2019,
	author = {Zhiqing Sun and Zhi-Hong Deng and Jian-Yun Nie and Jian Tang},
	title = {{RotatE}: Knowledge Graph Embedding by Relational Rotation in Complex Space},
 booktitle = {The Seventh International Conference on Learning Representations},
	year = {2019}
}

@inproceedings{nickel2011,
	author = {Maximilian Nickel and Volker Tresp and Hans-Peter Kriegel},
	title = {A Three-Way Model for Collective Learning on Multi-Relational Data},
 booktitle = {The Twenty-Eighth International Conference on Machine Learning},
	year = {2011}
}

@inproceedings{vashishth2020,
	author = {Shikhar Vashishth and Soumya Sanyal and Vikram Nitin and Partha Talukdar},
	title = {Composition-based Multi-Relational Graph Convolutional Networks},
 booktitle = {The Eighth International Conference on Learning Representations},
	year = {2020}
}

@inproceedings{dettmers2018,
	author = {Tim Dettmers and Pasquale Minervini and Pontus Stenetorp and Sebastian Riedel},
	title = {Convolutional {2D} Knowledge Graph Embeddings},
 booktitle = {The Thirty-Second AAAI Conference on Artificial Intelligence},
	year = {2018}
}

@inproceedings{balazevic2019,
	author = {Ivana Balažević and Carl Allen and Timothy M. Hospedales},
	title = {{TuckER}: Tensor Factorization for Knowledge Graph Completion},
 booktitle = {The 2019 Conference on Empirical Methods in Natural Language Processing and the Ninth International Joint Conference on Natural Language Processing},
	year = {2019}
}

@inproceedings{schlichtkrull2018,
	author = {M. Schlichtkrull and T. N. Kipf and P. Bloem and R. van den Berg and I. Titov and M. Welling},
	title = {Modeling Relational Data with Graph Convolutional Networks},
 booktitle = {The Fifteenth Extended Semantic Web Conference},
	year = {2018}
}

@inproceedings{bordes2013,
	author = {Antoine Bordes and Nicolas Usunier and Alberto Garcia-Dur\'{a}n},
	title = {Translating Embeddings for Modeling Multi-relational Data},
 booktitle = {The Twenty-Seventh Conference on Neural Information Processing Systems},
	year = {2013}
}

@inproceedings{ali2021,
	author = {Mehdi Ali and Max Berrendorf and Charles Tapley Hoyt and Laurent Vermue and Sahand Sharifzadeh and Volker Tresp and Jens Lehmann},
	title = {{PyKEEN 1.0}: A {Python} Library for Training and Evaluating Knowledge Graph Embeddings},
 booktitle = {Journal of Machine Learning Research},
 volume = {22},
	year = {2021}
}

@inproceedings{wang2021,
	author = {Meihong Wang and Linling Qiu and Xiaoli Wang},
	title = {A Survey on Knowledge Graph Embeddings for Link Prediction},
 booktitle = {Symmetry},
 volume = {13},
	year = {2021}
}