@inproceedings{xiao2020virtual,
  title={The virtual knowledge graph system ontop},
  author={Xiao, Guohui and Lanti, Davide and Kontchakov, Roman and Komla-Ebri, Sarah and G{\"u}zel-Kalayc{\i}, Elem and Ding, Linfang and Corman, Julien and Cogrel, Benjamin and Calvanese, Diego and Botoeva, Elena},
  booktitle={The Semantic Web--ISWC 2020: 19th International Semantic Web Conference, Athens, Greece, November 2--6, 2020, Proceedings, Part II},
  pages={259--277},
  year={2020},
  organization={Springer}
}


@article{haiden2011integrated,
  title={The Integrated Nowcasting through Comprehensive Analysis (INCA) system and its validation over the Eastern Alpine region},
  author={Haiden, T and Kann, A and Wittmann, C and Pistotnik, G and Bica, B and Gruber, C},
  journal={Weather and Forecasting},
  volume={26},
  number={2},
  pages={166--183},
  year={2011},
  publisher={American Meteorological Society}
}

@article{bartha2011standardization,
  title={Standardization of geographic data: The european inspire directive},
  author={Bartha, Gabor and Kocsis, Sandor},
  journal={European Journal of Geography},
  volume={2},
  number={2},
  year={2011}
}


@article{janowicz2019sosa,
  title={SOSA: A lightweight ontology for sensors, observations, samples, and actuators},
  author={Janowicz, Krzysztof and Haller, Armin and Cox, Simon JD and Le Phuoc, Danh and Lefran{\c{c}}ois, Maxime},
  journal={Journal of Web Semantics},
  volume={56},
  pages={1--10},
  year={2019},
  publisher={Elsevier}
}



@article{ribeiro2019urban,
  title={Urban resilience: A conceptual framework},
  author={Ribeiro, Paulo Jorge Gomes and Gon{\c{c}}alves, Lu{\'\i}s Ant{\'o}nio Pena Jardim},
  journal={Sustainable Cities and Society},
  volume={50},
  pages={101625},
  year={2019},
  publisher={Elsevier}
}


@article{desouza2013designing,
  title={Designing, planning, and managing resilient cities: A conceptual framework},
  author={Desouza, Kevin C and Flanery, Trevor H},
  journal={Cities},
  volume={35},
  pages={89--99},
  year={2013},
  publisher={Elsevier}
}